
@article{ashenfelter2022minimum,
  title = {Minimum wages, wages, and price pass-through: The case of McDonaldâ€™s
           Restaurants},
  author = {Ashenfelter, Orley and Jurajda, {\v{S}}t{\v{e}}p{\'a}n},
  journal = {Journal of Labor Economics},
  volume = {40},
  number = {S1},
  pages = {S179--S201},
  year = {2022},
  publisher = {The University of Chicago Press Chicago, IL},
}

@article{cengiz2019effect,
  title = {The effect of minimum wages on low-wage jobs},
  author = {Cengiz, Doruk and Dube, Arindrajit and Lindner, Attila and Zipperer,
            Ben},
  journal = {The Quarterly Journal of Economics},
  volume = {134},
  number = {3},
  pages = {1405--1454},
  year = {2019},
  publisher = {Oxford Academic},
}

@article{flinn2006minimum,
  title = {Minimum wage effects on labor market outcomes under search, matching,
           and endogenous contact rates},
  author = {Flinn, Christopher J},
  journal = {Econometrica},
  volume = {74},
  number = {4},
  pages = {1013--1062},
  year = {2006},
  publisher = {Wiley Online Library},
}

@article{phelan2019hedonic,
  title = {Hedonic-based labor supply substitution and the ripple effect of
           minimum wages},
  author = {Phelan, Brian J},
  journal = {Journal of Labor Economics},
  volume = {37},
  number = {3},
  pages = {905--947},
  year = {2019},
  publisher = {The University of Chicago Press Chicago, IL},
}

@book{manning2013monopsony,
  title = {Monopsony in motion: Imperfect competition in labor markets},
  author = {Manning, Alan},
  year = {2013},
  publisher = {Princeton University Press},
}

@article{castillo1992minimum,
  title={When the minimum wage really bites: the effect of the US-level minimum on Puerto Rico},
  author={Castillo-Freeman, Alida and Freeman, Richard B},
  journal={Immigration and the work force: Economic consequences for the United States and source areas},
  pages={177--211},
  year={1992}
}

@article{brown1988minimum,
  title={Minimum wage laws: are they overrated?},
  author={Brown, Charles},
  journal={Journal of Economic Perspectives},
  volume={2},
  number={3},
  pages={133--145},
  year={1988},
  publisher={American Economic Association}
}

@techreport{brown1982effect,
  title={The effect of the minimum wage on employment and unemployment: a survey},
  author={Brown, Charles and Gilroy, Curtis and Kohen, Andrew},
  year={1982},
  institution={National Bureau of Economic Research}
}

@phdthesis{castillo1983jobless,
  title={Jobless in the sun: a study of the impact of the Federal minimum wage on employment in Puerto Rico},
  author={Castillo, Alida Josefina},
  year={1983},
  school={Harvard University}
}

