@misc{krueger1994effect,
  title={The effect of the minimum wage when it really bites: A reexamination of the evidence from Puerto Rico},
  author={Krueger, Alan B},
  year={1994},
  publisher={National Bureau of Economic Research Cambridge, Mass., USA}
}

@article{brown1988minimum,
  title={Minimum wage laws: are they overrated?},
  author={Brown, Charles},
  journal={Journal of Economic Perspectives},
  volume={2},
  number={3},
  pages={133--145},
  year={1988},
  publisher={American Economic Association}
}

@article{card1993minimum,
  title={Minimum Wages and Employment: A Case Study of the Fast Food Industry in New Jersey and Pennsylvania},
  author={Card, D},
  year={1993}
}

@article{card1992using,
  title={Using regional variation in wages to measure the effects of the federal minimum wage},
  author={Card, David},
  journal={Ilr Review},
  volume={46},
  number={1},
  pages={22--37},
  year={1992},
  publisher={SAGE Publications Sage CA: Los Angeles, CA}
}

